<?xml version="1.0" encoding="UTF-8"?><collection xmlns="http://www.loc.gov/MARC21/slim"><record><leader>00475nam--2200169-i-4500</leader><controlfield tag="001">000016881</controlfield><controlfield tag="002">20161230</controlfield><controlfield tag="005">20161230201032</controlfield><controlfield tag="008">060222s1000------------r-----000-0-ger-d</controlfield><datafield ind1=" " ind2=" " tag="041"><subfield code="a">IFIN-HH</subfield></datafield><datafield ind1=" " ind2=" " tag="080"><subfield code="a">533.6.01 (043)</subfield></datafield><datafield ind1="1" ind2=" " tag="100"><subfield code="a">Althaus, Wolfgang</subfield></datafield><datafield ind1="1" ind2="0" tag="245"><subfield code="a">Gestorte kompressible plattennachlaufe, dissert</subfield><subfield code="c">Wolgang althaus</subfield></datafield><datafield ind1=" " ind2=" " tag="260"><subfield code="a">Aachen, Rheinisch Westfalischen Technischen, 1989,</subfield></datafield><datafield ind1=" " ind2=" " tag="300"><subfield code="a">120 P</subfield></datafield><datafield ind1=" " ind2=" " tag="852"><subfield code="a">78992</subfield><subfield code="c">533.6</subfield></datafield><datafield ind1=" " ind2=" " tag="CAT"><subfield code="a">Sys</subfield><subfield code="c">20100914</subfield><subfield code="h">130848</subfield></datafield></record></collection>